@inproceedings{zhang2022weighting,
	title     = {A Weighting-Based Tabu Search Algorithm for the p-Next Center Problem},
	author    = {Zhang, Qingyun and Su, Zhouxing and Lü, Zhipeng and Yang, Lingxiao},
	booktitle = {Proceedings of the Thirty-First International Joint Conference on Artificial Intelligence, {IJCAI-22}},
	publisher = {International Joint Conferences on Artificial Intelligence Organization},
	editor    = {Lud De Raedt},
	pages     = {4828--4834},
	year      = {2022},
	month     = {7},
	note      = {Main Track},
	doi       = {10.24963/ijcai.2022/669},
	url       = {https://doi.org/10.24963/ijcai.2022/669}
}

@article{wang2021two,
	title = {A two-phase intensification tabu search algorithm for the maximum min-sum dispersion problem},
	journal = {Computers \& Operations Research},
	volume = {135},
	pages = {105427},
	year = {2021},
	issn = {0305-0548},
	doi = {https://doi.org/10.1016/j.cor.2021.105427},
	url = {https://www.sciencedirect.com/science/article/pii/S0305054821001866},
	author = {Yang Wang and Zhipeng Lü and Zhouxing Su},
	keywords = {Solution-based tabu search, Dynamical neighborhood size, Dispersion problems, Heuristic search}
}

@article{su2021weighting,
	title={Weighting-based Variable Neighborhood Search for Optimal Camera Placement},
	volume={35},
	url={https://ojs.aaai.org/index.php/AAAI/article/view/17471},
	number={14},
	journal={Proceedings of the AAAI Conference on Artificial Intelligence},
	author={Su, Zhouxing and Zhang, Qingyun and Lü, Zhipeng and Li, Chu-Min and Lin, Weibo and Ma, Fuda},
	year={2021},
	month={May},
	pages={12400-12408}
}

@INPROCEEDINGS{fang2020local,
	author={Y. {Fang} and Z. {Lü} and Z. {Su} and Y. {Wang} and T. {Zhang} and Q. {Zhang}},
	booktitle={2020 IEEE International Conference on Systems, Man, and Cybernetics (SMC)},
	title={Local Search based on a New Neighborhood for Routing and Wavelength Assignment},
	year={2020},
	volume={},
	number={},
	pages={1123-1128},
	doi={10.1109/SMC42975.2020.9283031}
}

@inproceedings{su2020two,
	title     = {A Two-Stage Matheuristic Algorithm for Classical Inventory Routing Problem},
	author    = {Su, Zhouxing and Huang, Shihao and Li, Chungen and Lü, Zhipeng},
	booktitle = {Proceedings of the Twenty-Ninth International Joint Conference on Artificial Intelligence, {IJCAI-20}},
	publisher = {International Joint Conferences on Artificial Intelligence Organization},            
	editor    = {Christian Bessiere},	
	pages     = {3430--3436},
	year      = {2020},
	month     = {7},
	note      = {Main track},
	doi       = {10.24963/ijcai.2020/474},
	url       = {https://doi.org/10.24963/ijcai.2020/474}
}

@inproceedings{zhang2020vertex,
	title     = {Vertex Weighting-Based Tabu Search for p-Center Problem},
	author    = {Zhang, Qingyun and Lü, Zhipeng and Su, Zhouxing and Li, Chumin and Fang, Yuan and Ma, Fuda},
	booktitle = {Proceedings of the Twenty-Ninth International Joint Conference on Artificial Intelligence, {IJCAI-20}},
	publisher = {International Joint Conferences on Artificial Intelligence Organization},            
	editor    = {Christian Bessiere},	
	pages     = {1481--1487},
	year      = {2020},
	month     = {7},
	note      = {Main track},
	doi       = {10.24963/ijcai.2020/206},
	url       = {https://doi.org/10.24963/ijcai.2020/206}
}


@article{su2019matheuristic,
	author = {Su, Zhouxing and Lü, Zhipeng and Wang, Zhuo and Qi, Yanmin and Benlic, Una},
	title = {A Matheuristic Algorithm for the Inventory Routing Problem},
	journal = {Transportation Science},
	volume = {54},
	number = {2},
	pages = {330-354},
	year = {2020},
	doi = {10.1287/trsc.2019.0930},
	URL = {https://doi.org/10.1287/trsc.2019.0930},
	eprint = {https://doi.org/10.1287/trsc.2019.0930}
}

@article{su2016weighted,
	title={求解多阶段护士排班问题的带权禁忌搜索算法},
	author={苏, 宙行 and 王, 卓 and 吕, 志鹏},
	journal={中国科学: 信息科学},
	year={2016},
	volume={46},
	number={7},
	pages={834-854},
	doi={https://doi.org/10.1360/N112015-00284}
}
